@online{wikijava,
	title = "{http://de.wikipedia.org/wiki/Java\_(Technik)}",
	url = {http://de.wikipedia.org/wiki/Java\_(Technik)},
}

@online{isooo,
	title = "{ISO 2382-15: 1998 Information technology -- Vocabulary -- Part 15: Programming languages; Revision of first Edition ISO 2382-15 : 1985}",
	author = {iso.org},
	date = {1999},
	url = {http://de.wikipedia.org/wiki/Java\_(Technik)},
}

@online{wikioop,
	title="{http://de.wikipedia.org/wiki/Objektorientierte\_Programmierung}",
	url="{http://de.wikipedia.org/wiki/Objektorientierte\_Programmierung}"
}